
\@article{Smith,
author = {W.~Smith and H.~Johnson},
title = {A title of an article},
journal = {Journal of Applied Stuff},
volume = {17},
year = {1978}, 
pages = {735-744}}

\@book{Doe,
author = {J.~Doe},
title = {A Book About Nothing},
publisher = {John Wiley and Sons},
address = {New York},
year = {1973}}

\@conference{Doe2,
author = {J.~Doe and W.~Smith},
title = {A conference paper}, 
booktitle =  {IEEE Conference on Nothing},
year = {1988},
pages = {375-380}}	

